@article{di2021covid,
  title={Is COVID-19 a real incentive for flu vaccination? Let the numbers speak for themselves},
  author={Di Pumpo, Marcello and Vetrugno, Giuseppe and Pascucci, Domenico and Carini, Elettra and Beccia, Viria and Sguera, Anna and Zega, Maurizio and Pani, Marcello and Cambieri, Andrea and Nurchis, Mario Cesare and others},
  journal={Vaccines},
  volume={9},
  number={3},
  pages={276},
  year={2021},
  publisher={MDPI}
}
@article{leuchter2022association,
  title={Association between Covid-19 vaccination and influenza vaccination rates},
  author={Leuchter, Richard K and Jackson, Nicholas J and Mafi, John N and Sarkisian, Catherine A},
  journal={New England Journal of Medicine},
  volume={386},
  number={26},
  pages={2531--2532},
  year={2022},
  publisher={Mass Medical Soc}
}
@article{bertoni2022has,
  title={How has COVID-19 pandemic changed flu vaccination attitudes among an Italian cancer center healthcare workers?},
  author={Bertoni, Lucia and Roncadori, Andrea and Gentili, Nicola and Danesi, Valentina and Massa, Ilaria and Nanni, Oriana and Altini, Mattia and Gabutti, Giovanni and Montella, Maria Teresa},
  journal={Human vaccines \& immunotherapeutics},
  volume={18},
  number={1},
  pages={1978795},
  year={2022},
  publisher={Taylor \& Francis}
}
@article{sokol2020covid,
  title={COVID-19 and parent intention to vaccinate their children against influenza},
  author={Sokol, Rebeccah L and Grummon, Anna H},
  journal={Pediatrics},
  volume={146},
  number={6},
  year={2020},
  publisher={American Academy of Pediatrics}
}
@article{conlon2021impact,
  title={Impact of the influenza vaccine on COVID-19 infection rates and severity},
  author={Conlon, Anna and Ashur, Carmel and Washer, Laraine and Eagle, Kim A and Bowman, Marion A Hofmann},
  journal={American journal of infection control},
  volume={49},
  number={6},
  pages={694--700},
  year={2021},
  publisher={Elsevier}
}

