@article{di2021covid,
  title={Is COVID-19 a Real Incentive for Flu Vaccination? Let the Numbers Speak for Themselves},
  author={Di Pumpo, Marcello and Vetrugno, Giuseppe and Pascucci, Domenico and Carini, Elettra and Beccia, Viria and Sguera, Anna and Zega, Maurizio and Pani, Marcello and Cambieri, Andrea and Nurchis, Mario Cesare and others},
  journal={Vaccines},
  volume={9},
  number={3},
  pages={276},
  year={2021},
  publisher={MDPI}
}
@article{leuchter2022association,
  title={Association Between Covid-19 Vaccination and Influenza Vaccination Rates},
  author={Leuchter, Richard K and Jackson, Nicholas J and Mafi, John N and Sarkisian, Catherine A},
  journal={New England Journal of Medicine},
  volume={386},
  number={26},
  pages={2531--2532},
  year={2022},
  publisher={Mass Medical Soc}
}
@article{bertoni2022has,
  title={How Has COVID-19 Pandemic Changed Flu Vaccination Attitudes Among an Italian Cancer Center Healthcare Workers?},
  author={Bertoni, Lucia and Roncadori, Andrea and Gentili, Nicola and Danesi, Valentina and Massa, Ilaria and Nanni, Oriana and Altini, Mattia and Gabutti, Giovanni and Montella, Maria Teresa},
  journal={Human vaccines \& immunotherapeutics},
  volume={18},
  number={1},
  pages={1978795},
  year={2022},
  publisher={Taylor \& Francis}
}
@article{sokol2020covid,
  title={COVID-19 and Parent Intention to Vaccinate Their Children Against Influenza},
  author={Sokol, Rebeccah L and Grummon, Anna H},
  journal={Pediatrics},
  volume={146},
  number={6},
  pages={1},
  year={2020},
  publisher={American Academy of Pediatrics}
}
@article{conlon2021impact,
  title={Impact of the Influenza Vaccine on COVID-19 Infection Rates and Severity},
  author={Conlon, Anna and Ashur, Carmel and Washer, Laraine and Eagle, Kim A and Bowman, Marion A Hofmann},
  journal={American Journal of Infection Control},
  volume={49},
  number={6},
  pages={694--700},
  year={2021},
  publisher={Elsevier}
}
@article{domnich2020attitudes,
  title={Attitudes and Beliefs on Influenza Vaccination During the COVID-19 Pandemic: Results From a Representative Italian Survey},
  author={Domnich, Alexander and Cambiaggi, Maura and Vasco, Alessandro and Maraniello, Luca and Ansaldi, Filippo and Baldo, Vincenzo and Bonanni, Paolo and Calabr{\`o}, Giovanna Elisa and Costantino, Claudio and de Waure, Chiara and others},
  journal={Vaccines},
  volume={8},
  number={4},
  pages={711},
  year={2020},
  publisher={MDPI}
}
@article{jang2021factors,
  title={Factors Associated With Influenza Vaccination Uptake Among US Adults: Focus on Nativity and Race/Ethnicity},
  author={Jang, Sou Hyun and Kang, JaHyun},
  journal={International Journal of Environmental Research and Public Health},
  volume={18},
  number={10},
  pages={5349},
  year={2021},
  publisher={Multidisciplinary Digital Publishing Institute}
}
 @misc{cdc_2021, 
 title={Flu Vaccination Coverage, United States, 2020â€“21 Influenza Season}, 
 url={https://www.cdc.gov/flu/fluvaxview/coverage-2021estimates.htm#references}, 
 journal={Centers for Disease Control and Prevention}, 
 publisher={Centers for Disease Control and Prevention}, 
 author={CDC}, 
 year={2021}, 
 month={Oct}
 } 
 @article{boland2006emerging,
  title={Emerging Advantages and Drawbacks of Telephone Surveying in Public Health Research in Ireland and the UK},
  author={Boland, M and Sweeney, MR and Scallan, E and Harrington, M and Staines, A},
  journal={BMC Public Health},
  volume={6},
  number={1},
  pages={1--7},
  year={2006},
  publisher={Springer}
}